<?xml version="1.0" encoding="UTF-8"?><collection xmlns="http://www.loc.gov/MARC21/slim"><record><leader>00406nam--2200133-i-4500</leader><controlfield tag="001">000041189</controlfield><controlfield tag="002">20161230</controlfield><controlfield tag="005">20161230201043</controlfield><controlfield tag="008">060222s1000------------r-----000-0-eng-d</controlfield><datafield ind1=" " ind2=" " tag="080"><subfield code="a">591.5:312</subfield></datafield><datafield ind1=" " ind2=" " tag="100"><subfield code="a">Segerberg, Osborn</subfield></datafield><datafield ind1=" " ind2=" " tag="245"><subfield code="a">Where have all: the flowers, fishes, birds, trees, water and air gone? what ecology is all about</subfield></datafield><datafield ind1=" " ind2=" " tag="260"><subfield code="a">New York, David Mckay Comp., Inc., 1971, 303p</subfield></datafield><datafield ind1=" " ind2=" " tag="852"><subfield code="a">37251</subfield></datafield></record></collection>